@online{blazor:info,
  author   = {Daniel Roth, Luke Latham},
  title    = {Blazor vispārīgs pārskats},
  url      = {https://docs.microsoft.com/en-gb/aspnet/core/blazor/?view=aspnetcore-5.0},
  addendum = {(accessed: 01.01.2021)},
  keywords = {Blazor, UI}
}

@online{linq:info,
  author   = {OSS Community},
  title    = {LINQ vispārīgs pārskats},
  url      = {https://docs.microsoft.com/en-us/dotnet/csharp/programming-guide/concepts/linq/},
  addendum = {(accessed: 01.01.2021)},
  keywords = {LINQ, data}
}
@online{wpf:info,
  author   = {Andy De George},
  title    = {WPF vispārīgs pārskats},
  url      = {https://docs.microsoft.com/en-us/dotnet/desktop/wpf/introduction-to-wpf?view=netframeworkdesktop-4.8&viewFallbackFrom=netdesktop-5.0},
  addendum = {(accessed: 01.01.2021)},
  keywords = {WPF, data}
}
@online{csharp:namespaces,
  author   = {OSS Community},
  title    = {Namspaces},
  url      = {https://docs.microsoft.com/en-us/dotnet/csharp/programming-guide/namespaces/},
  addendum = {(accessed: 01.01.2021)},
  keywords = {Programming}
}
